% Bibliography
%========================================================
%===================websites=============================
%In order used
%---------------------------------------------------------
%1: Safedrone
@online{safedrone,
	author= {safedrone.com},
	title = {Safe Drone: New Drone Regulations for South Africa},
	year = 2016,
	url = {http://www.safedrone.co.za/new-caa-regulations-simplified},
	urldate = {2016-06-11}
}
%---------------------------------------------------------
%2: Steadidrone
@online{steadidrone,
	author = {SteadiDrone PTY LTD},
	title = {SteadiDrone Home},
	year = 2016,
	url = {http://www.steadidrone.com/},
	urldate = {2016-06-08}
}
%---------------------------------------------------------
%3: DJI inspire 1 website
@online{inspire,
	author = {DJI Drones},
	title = {DJI Inspire One},
	year = {2016},
	url = {http://www.dji.com/product/inspire-1},
	urldate = {2016-06-12}
}
%---------------------------------------------------------
%5: mikrokopter website
@online{mikrokopter,
	author = {HiSystems GmbH},
	title = {MikroKopter QuadroXL},
	year = {2016},
	url = {http://www.mikrokopter.de/en/products/kits},
	urldate = {2016-06-13}
}
%---------------------------------------------------------
%6: HobbyKing Online Store
@online{hobbyking,
	author = {HobbyKing.com},
	title = {Hobby King: The Ultimate Hobby Experience},
	year = 2016,
	url = {http://www.hobbyking.com/hobbyking/store/index.asp},
	urldate = {2016-06-12}
}
%---------------------------------------------------------
%7: arducopter official site,
	author = {APMCopter},
	title = {ArduCopter},
	year = 2016,
	url={http://www.arducopter.co.uk/},
	urldate = {2016-06-17}
}
%---------------------------------------------------------
%8: openpilot website
@online{openpilot,
	author = {LibrePilot},
	title = {OpenPilot/LibrePilot Wiki},
	year = {2016},
	url = {http://opwiki.readthedocs.io/en/latest/index.html},
	urldate = {2016-06-17}
}
%---------------------------------------------------------
%9: openpilot github repo
@online{openpilotgit,
	author = {OpenPilot Community},
	title = {OpenPilot Source Repo},
	year = {2016},
	urldate = {2016-06-17}
}
%---------------------------------------------------------



%=================unpublished=reports=====================
% tech reports
%---------------------------------------------------------
%1: Starmac Prototype
@techreport{starmac,
	address = {California, United States of America},
	author = {Hoffmann, G. and Huang, H. and Waslander, S. and Tomlin, C.},
	institution={Department of Aeronautics \& Astronautics, Stanford University},
	title={Quadrotor Helicopter Flight Dynamics and Control: Theory and Experiment},
	type = {Report},
	year={2010}
}
%---------------------------------------------------------
%2: Quadcopter Modelling Aalto United
@techreport{modelingquadcopter,
	address ={ Eepso, Finland},
	author = {Luukkonen, T.},
	institution = {Aalto University: School of Science},
	title = {Modelling and Control of a Quadcopter},
	type = {Report},
	year = {2011}
}
%---------------------------------------------------------
%3: quadcopter frames & dynamics
@techreport{quaddynamics,
	title = {Quadcopter Dynamics and Control},
	author = {Breard Randal},
	institution = {Brigham Young University},
	type = {Report},
	year = {2013}
}
%---------------------------------------------------------
%4: Full Control of a Quadrotor
@techreport{fullquadcoptercontrol,
	title = {Full Control of a Quadrotor},
	author = {Bouabdallah, S. and Siegwart, R.},
	institution = {Swiss Federal Institue of Technology, Autonomous Systems Lab},
	type = {Report},
	year = {2006}
}
%---------------------------------------------------------
%5: Rigid Body Dynamics
@techreport{rigidbodylecture,
	title = {3D Rigid Body Namics: Euler Angles},
	author = {Peraire, J. and Widnall, S.},
	institution = {Massachusetts Institute of Technolgy, Open Course Ware},
	type = {Notes},
	year = {2009}
}
%---------------------------------------------------------
%6: Rigid Body Dynamics using Eulers Equations
@techreport{eulerrigidbody,
	title = {Rigid Body Dynamics using Euler's Equations, Rungekutta and Quaternions},
	author = {Mandre, I.},
	institution = {N/A},
	type = {Report},
	year = {2006}
}


%=====================publications========================
% articles
%---------------------------------------------------------
%1: Control Moment Gyroscope 
@article{cmg,
	author = {Votel, Ronny and Sinclair, Doug},
	issn={SSC12-X-1},
	journal = {Conference on Small Satellites, Annual AIAA/USU},
	title = {Comparison of Control Moment Gyros and Reaction Wheels for Small Earth-Observing Satellites},
	volume={26},
	year = 2013
}
%---------------------------------------------------------
%2: sOAT birotor
@article{gres2007,
	author = {Gress, Gary R.},
	journal = {American Helicopter Society Forum Proceedings},
	month = may,
	number = {63},
	title = {Lift Fans as Gyroscopes for Controlling Compact VTOL Air Vehicles:
Overview and Development Status of Oblique Active Tilting},	
	year = {2007}
}
%---------------------------------------------------------
%3: Oblique Active tilting Birotor
@article{obliquepitch,
	author={Blouin, Charles and Lanteigne, Eric},
	issn={978-1-4799-2376-2},
	journal = {International Conference on Unmanned Aircraft Systems},
	month = may,
	pages = {791-799},
	title = {Pitch Control on an Oblique Active Tilting Bi-Rotor},
	year = {2014}
}
%---------------------------------------------------------
%4: sOAT birotor
@article{smalltwotilting,
	author={Kendoul, Farid and Fantoni, Isabelle and Lozano, Rogelio},
	issn={0-7803-9568-9},
	journal={IEEE Conference on Decision and COntrol},
	month = dec,
	pages={8144-8149},
	title = {Modeling and Control of a Small Autonomous Aircraft Having Two Tilting Rotors},
	year = {2005}
}
%---------------------------------------------------------
%5: general PID
@article{tiltrotorcontrol,
	author={Chowdhury, Arindam B. and Kulhare, Anil and Raina, Guarav},
	issn={978-1-4673-1421-3},
	journal={IEEE International COnference on Cyber Technology in Automation, Control and Intelligent Systems},
	month= may,
	pages={309-314},
	title = {A Generalized Control Method for Tilt-Rotor UAV Stabilization},
	year = {2012}
}
%---------------------------------------------------------
%6: adaptive backstepping for birotor
@article{adaptivebackstep,
	author= {Krishnamurthy, P. and Khorrami, F.},
	issn= {978-1-4577-0123-8},
	journal = {Mediterranean Conference on Control and Automation},
	month = jun,
	pages = {540-545},
	title = {Adaptive Backstepping and Theta-D Based Controllers for a Tilt-Rotor Aircraft},
	year = {2011}
}
%---------------------------------------------------------
%7: lateral tilt birotor
@article{tiltrotorUAV,
	author = {Papachristos, Christos and Alexis, Kostas and Tzes, Anthony},
	issn = {978-1-4577-1159-6},
	journal = {International Conference on Advanced Robotics},
	month = jun,
	pages={465-470},
	title={Design and Experimental Attitude Control of an Unmanned Tilt-Rotor Aerial Vehicle},
	year = {2011}
}
%---------------------------------------------------------
%8: non-cyclic T-pheonix birotor
@article{tpheonix,
	author={Sanchez, A. and Escareño, J. and Garcia, O. and Lozano, R.},
	issn={978-1-1234-7890-2},
	journal = {The International Federation of Automatic Control},
	month=jul,
	pages={803-808},
	title={Autonomous Hovering of a Noncyclic Tiltrotor UAV: Modeling, Control and Implementation},
	year={2008}
}
%---------------------------------------------------------
%9: dual axis tilting dualfan
@article{opposedlateraldualaxis,
	author={Amiri, N. and Ramirez-Serrano, A. and Davies R.},
	issn={N/A},
	journal={International Federation of Automatic Control},
	month=sep,
	pages={2054-2059},
	title={Modelling of Opposed Lateral and Longitudinal Tilting Dual-Fan Unmanned Aerial Vehicle},
	year= {2011}
}
%---------------------------------------------------------
%10: birotor PSO
@article{autopilotPSO,
	author={Lee, Jang-Ho and Min, Byoung-Mun and Kim, Eung-Tai},
	issn={978-89-950038-6-2-98560},
	journal = {International COnference on Control, Automation and Systems},
	month=oct,
	pages={1629-1633},
	title={Autopilot Design of Tilt-Rotor UAV using Particle Swarm Optimization Method},
	year={2007}
}
%---------------------------------------------------------
%11: PID tuned with PSO
@article{adaptivepso,
	author={Xiaozhu, X. and Zaozhen, L. and Weining, C.},
	issn={978-1-4244-2723-9},
	journal = {Chinese Control and Decision Conference},
	month=sep,
	pages={13-17},
	title={Intelligent Adaptive Backstepping Controller Design Based on the Adaptive Particle Swarm Optimization},
	year={2009}
}
%---------------------------------------------------------
%12: X4-Flyer prototype
@article{x4flyer,
	author={Pounds, P. and Mahony, R. and Hynes, P. and Roberts, J.},
	issn={N/A},
	journal = {Australasian Conference on Robotics and Automation},
	month=nov,
	pages={145-150},
	title={Design of a Four-Rotor Aerial Robot},
	year={2002}
}
%---------------------------------------------------------
%13: X4-Flyer Control
@article{x4flyercontrol,
	author={Guenard, N. and Hamel, T. and Moreau, V.},
	issn={0-7803-9137-3},
	journal = {International Conference on Control and Automation},
	month = jun,
	pages = {141-146},
	title = {Dynamic Modelling and Control Strategy for an X4-Flyer},
	year = {2005}
}
%---------------------------------------------------------
%14: Microraptor prototype
@article{microraptor,
	author = {Rawashdeh, O. and Yang, H.C. and AbouSleiman, R. and Sababha, B.},
	issn = {DETC2009-86490},
	journal = {International Design Engineering Technical Conferences \& Computers and Information in Engineering Conference},
	month = aug,
	pages = {1-8},
	title = {Microraptor: A Low Cost Autonomous Quadrotor System},
	year = {2009}
}
%---------------------------------------------------------
%15: Rotation Matrix Quadcopter dynamics
@article{dynamicmodelling2013,
	author = {Balasubramanian, E. and Vasantharaj, R.},
	issn = {0975-4024},
	journal = {International Journal of Engineering and Technology},
	month = feb,
	pages = {63-39},
	title = {Dynamic Modelling and Control of Quadrotor},
	year = {2013}
}
%---------------------------------------------------------
%16: Quadcopter Autopilot System
@article{dynamicmodelling2009,
	author = {de Olivera, R.F. and de Salvi, F.T. and Belo, E.M.},
	issn = {N/A},
	journal = {International Congress of Mechanical Engineering},
	month = nov,
	pages = {1-9},
	title = {Dynamic Modelling, Simulation and Control of an Autonomous Quadcopter Aircraft},
	year = {2009}
}
%---------------------------------------------------------





%=====================masters=reports=====================
% books
%---------------------------------------------------------
%1: Passive Stabilization Oblique Active tilting Birotor
@book{passiveobliquetilting,
	address = {Calgary, Alberta},
	author = {Gress, Gary R.},
	publisher = {University of Calgary, Department of Mechanical Engineering},
	title = {Passive Stabilization of VTOL Aircraft Having Obliquely Tilting Propellers},
	year = {2014}
}	
